@article{toomre1972galactic,
  title={Galactic bridges and tails},
  author={Toomre, Alar and Toomre, Juri},
  journal={Astrophysical Journal, Vol. 178, pp. 623-666 (1972)},
  volume={178},
  pages={623--666},
  year={1972}
}


@article{barnes2004shock,
  title={Shock-induced star formation in a model of the Mice},
  author={Barnes, Joshua E},
  journal={Monthly Notices of the Royal Astronomical Society},
  volume={350},
  number={3},
  pages={798--808},
  year={2004},
  publisher={Blackwell Publishing Ltd Oxford, UK}
}

@article{ji2014lifetime,
  title={Lifetime of merger features of equal-mass disk mergers},
  author={Ji, Inchan and Peirani, S{\'e}bastien and Sukyoung, K Yi},
  journal={Astronomy \& Astrophysics},
  volume={566},
  pages={A97},
  year={2014},
  publisher={EDP Sciences}
}

@article{privon2013dynamical,
  title={Dynamical modeling of galaxy mergers using identikit},
  author={Privon, George C and Barnes, JE and Evans, AS and Hibbard, JE and Yun, MS and Mazzarella, JM and Armus, L and Surace, J},
  journal={The Astrophysical Journal},
  volume={771},
  number={2},
  pages={120},
  year={2013},
  publisher={IOP Publishing}
}